@online{gearboxprotocol,
  author = {Gearbox Protocol},
  url    = {https://gearbox.fi/}
}

@online{marsprotocol,
  author = {Mars Protocol},
  url    = {https://marsprotocol.io/}
}

@online{union,
  author = {Union},
  url    = {https://x.com/@union_build}
}

@online{ibcprotocol,
  author = {IBC Protocol},
  url    = {https://x.com/@IBCProtocol}
}

@online{thorchain,
  author = {THORChain},
  url    = {https://x.com/@THORChain}
}

@online{cctp,
  author = {Circle},
  url    = {https://www.circle.com/en/cross-chain-transfer-protocol}
}

@online{noble,
  author = {noble},
  url    = {https://nobleassets.xyz/}
}

@online{grug,
  author = {Engineer, Larry},
  title  = {Grug},
  url    = {https://grug.build/index.html}
}

@online{lemniscap,
  author = {Lemniscap},
  url    = {https://x.com/@lemniscap}
}

@online{hackvc,
  author = {Hack VC},
  url    = {https://x.com/@hack_vc}
}

@online{cherrycrypto,
  author = {Cherry Crypto},
  url    = {https://www.cherry.xyz/}
}

@online{interop,
  author = {Interop},
  url    = {https://x.com/@InteropVC}
}

@online{publicworks,
  author = {Public Works},
  url    = {https://x.com/@publicworksfm}
}

@online{delphilabs,
  author = {Delphi Labs},
  url    = {https://x.com/@delphi_labs}
}
