@online{eip3074,
  author = {Wilson, Sam and Dietrichs, Ansgar and Garnett, Matt and Zoltu, Micah},
  title  = {{EIP}-3074: {AUTH} and {AUTHCALL} opcodes},
  year   = {2020},
  month  = {10},
  url    = {https://eips.ethereum.org/EIPS/eip-3074}
}

@online{abstractaccount,
  author = {Engineer, Larry},
  title  = {abstract-account},
  year   = {2023},
  url    = {https://github.com/larry0x/abstract-account}
}

@online{xion,
  author = {Burnt},
  title  = {Xion},
  url    = {https://x.com/burnt_xion}
}

@online{passkey,
  author = {Yubico},
  title  = {Passkey},
  url    = {https://passkey.org}
}

@online{creditaccount,
  author = {Engineer, Larry},
  title  = {A generalized credit protocol utilizing Mars lending market},
  year   = {2022},
  month  = {6},
  url    = {https://forum.marsprotocol.io/t/a-generalized-credit-protocol-utilizing-mars-lending-market/598}
}

@online{lien,
  author = {{\_}gabrielShapir0},
  year   = {2022},
  month  = {6},
  url    = {https://x.com/lex_node/status/1542214455517388803}
}

@online{marsprotocol,
  author = {Mars Protocol},
  url    = {https://marsprotocol.io/}
}

@online{gearboxprotocol,
  author = {Gearbox Protocol},
  url    = {https://gearbox.fi/}
}

@online{protorev,
  author = {Osmosis},
  url    = {https://docs.osmosis.zone/overview/features/protorev/}
}

@online{beginendblocker,
  author = {Cosmos SDK},
  url    = {https://docs.cosmos.network/v0.50/build/building-modules/beginblock-endblock}
}

@online{tokenfactory,
  author = {Osmosis},
  url    = {https://docs.osmosis.zone/osmosis-core/modules/tokenfactory/}
}

@online{metaplex,
  author = {Metaplex},
  url    = {https://www.metaplex.com/}
}

@online{ibc,
  author = {IBC Protocol},
  url    = {https://www.ibcprotocol.dev/}
}

@online{cctp,
  author = {Circle},
  url    = {https://www.circle.com/en/cross-chain-transfer-protocol}
}

@online{noble,
  author = {noble},
  url    = {https://nobleassets.xyz/}
}

@online{cosmossdkstorev2,
  author = {Cosmos SDK},
  url    = {https://github.com/cosmos/cosmos-sdk/blob/main/docs/architecture/adr-065-store-v2.md}
}

@online{openzeppelinproxies,
  author = {OpenZeppelin},
  url    = {https://docs.openzeppelin.com/upgrades-plugins/1.x/proxies}
}

@online{borsh,
  author = {Near Protocol},
  url    = {https://github.com/near/borsh}
}

@online{cosmwasmreentrancy,
  author = {CosmWasm},
  url    = {https://docs.cosmwasm.com/docs/architecture/smart-contracts#avoiding-reentrancy-attacks}
}

@online{mostadmiredlanguage2023,
  author = {StackOverflow},
  url    = {https://survey.stackoverflow.co/2023/#section-admired-and-desired-programming-scripting-and-markup-languages}
}

@online{wasmer,
  author = {Wasmer},
  url    = {https://wasmer.io/}
}

@online{wasmperformance,
  author = {Fish, Brandon},
  title  = {Benchmarking WebAssembly Runtimes},
  url    = {https://medium.com/wasmer/benchmarking-webassembly-runtimes-18497ce0d76e}
}

@online{stylusgascosts,
  author = {Arbitrum},
  url    = {https://docs.arbitrum.io/stylus/concepts/stylus-gas#stylus-gas-costs}
}

@online{stylus,
  author = {Arbitrum},
  url    = {https://arbitrum.io/stylus}
}

@online{wasmcrossplatform,
  author = {Gabe Rodriguez},
  title  = {WASM Cross-Platform},
  year   = {2023},
  month  = {7},
  url    = {https://www.youtube.com/live/xe1iQ-FHviY?t=5755}
}

@online{wasmsizereduction,
  author = {Warta, Simon},
  year   = {2022},
  month  = {9},
  url    = {https://x.com/simon_warta/status/1565454352701169664}
}

@online{abci,
  author = {Tendermint},
  url    = {https://docs.cometbft.com/v0.37/spec/abci/}
}

@online{cometbft,
  author = {CometBFT},
  url    = {https://github.com/cometbft/cometbft}
}

@online{cometbls,
  author = {Union Labs},
  url    = {https://docs.union.build/architecture/cometbls/}
}

@online{blocksdk,
  author = {Skip Protocol},
  url    = {https://github.com/skip-mev/block-sdk}
}

@online{Rollchains,
  author = {Rollchains},
  url    = {https://rollchains.com/}
}

@online{dymint,
  author = {Dymension},
  url    = {https://github.com/dymensionxyz/dymint}
}

@online{opnode,
  author = {Optimism},
  url    = {https://github.com/ethereum-optimism/optimism/tree/develop/op-node}
}

@online{polymer,
  author = {Polymer Labs},
  url    = {https://x.com/Polymer_Labs}
}

@online{risczero,
  author = {RISC Zero},
  url    = {https://x.com/RiscZero}
}

@online{sp1,
  author = {Succinct Labs},
  url    = {https://x.com/SuccinctLabs}
}

@online{jolt,
  author = {a16z},
  url    = {https://github.com/a16z/jolt}
}

@online{fluent,
  author = {Fluent},
  url    = {https://x.com/fluentxyz}
}

@online{zkllvm,
  author = {=nil; Foundation},
  url    = {https://x.com/nil_foundation}
}

@online{ethereuminnumbers,
  author = {Szilágyi, Péter},
  title  = {Ethereum in numbers: Where TPS meets physics},
  year   = {2023},
  month  = {9},
  url    = {https://www.youtube.com/watch?v=Cmuz_Xn_YJw}
}

@online{diemwhitepaper,
  author = {Diem Association},
  url    = {https://developers.diem.com/docs/technical-papers/the-diem-blockchain-paper/}
}

@misc{blockstm,
  author        = {Gelashvili, Rati and Spiegelman, Alexander and Xiang, Zhuolun and Danezis, George and Li, Zekun and Malkhi, Dahlia and Xia, Yu and Zhou, Runtian},
  title         = {Block-STM: Scaling Blockchain Execution by Turning Ordering Curse to a Performance Blessing},
  year          = {2022},
  eprint        = {2203.06871},
  archiveprefix = {arXiv},
  primaryclass  = {cs.DC},
  url           = {https://arxiv.org/abs/2203.06871}
}

@misc{cosmwasm,
  author = {CosmWasm},
  url    = {https://cosmwasm.com/}
}
