@online{dangotwitter,
  author = {Dango},
  url    = {https://x.com/dango_zone}
}

@article{creditaccountmarsforum,
  author  = {Engineer, Larry},
  title   = {A generalized credit protocol utilizing Mars lending market},
  journal = {Mars Protocol Forum},
  year    = {2022},
  month   = {6},
  url     = {https://forum.marsprotocol.io/t/598}
}

@article{creditaccountbuidlkeynote,
  author  = {Engineer, Larry},
  title   = {DeFi Renaissance on Dango.Zone},
  year    = {2025},
  month   = {1},
  journal = {YouTube},
  url     = {YOUTUBE_LINK_TO_BE_ADDED}
}

@article{frequentbatchauctions,
  author  = {Budish, Eric and Cramton, Peter and Shim, John},
  title   = {The High-Frequency Trading Arms Race: Frequent Batch Auctions as a Market Design Response},
  journal = {The Quarterly Journal of Economics},
  volume  = {130},
  number  = {4},
  pages   = {1547--1621},
  year    = {2015},
  month   = {07},
  url     = {https://academic.oup.com/qje/article/130/4/1547/1916146}
}

@article{frequentbatchauctions2,
  author  = {Budish, Eric and Cramton, Peter and Shim, John},
  title   = {Implementation Details for Frequent Batch Auctions: Slowing Down Markets to the Blink of an Eye},
  journal = {American Economic Review},
  volume  = {104},
  number  = {5},
  year    = {2014},
  month   = {05},
  pages   = {418--24},
  url     = {https://www.aeaweb.org/articles?id=10.1257/aer.104.5.418}
}

@article{optimalspeed,
  author  = {Fricke, Daniel and Gerig, Austin},
  title   = {Too fast or too slow? Determining the optimal speed of financial markets},
  journal = {Quantitative Finance},
  volume  = {18},
  number  = {4},
  pages   = {519--532},
  year    = {2018},
  url     = {https://www.tandfonline.com/doi/full/10.1080/14697688.2017.1391405}
}

@article{lvr,
  author  = {Milionis, Jason and Moallemi, Ciamac C. and Roughgarden, Tim and Zhang, Anthony Lee},
  title   = {Automated Market Making and Loss-Versus-Rebalancing},
  journal = {arXiv},
  year    = {2024},
  url     = {https://arxiv.org/abs/2208.06046}
}

@article{xykamm,
  author  = {vbuterin},
  title   = {Improving front running resistance of x*y=k market makers},
  journal = {Ethresearch},
  year    = {2018},
  month   = {03},
  url     = {https://ethresear.ch/t/1281}
}

@online{andrecronjetwitter,
  author = {Andre Cronje},
  url    = {https://x.com/AndreCronjeTech}
}

@online{velodrome,
  author = {Velodrome Finance},
  url    = {https://velodrome.finance/}
}

@online{aerodrome,
  author = {Aerodrome Finance},
  url    = {https://aerodrome.finance/}
}

@online{pythlaser,
  author = {Pyth Network},
  url    = {https://x.com/PythNetwork/status/1879545169781166397}
}

@article{encryptedmempool,
  author  = {Bebel, Joseph and Ojha, Dev},
  title   = {Ferveo: Threshold Decryption for Mempool Privacy in {BFT} networks},
  journal = {Cryptology {ePrint} Archive, Paper 2022/898},
  year    = {2022},
  url     = {https://eprint.iacr.org/2022/898}
}

@article{uniformpriceauctions,
  author  = {MR Research AG},
  title   = {Uniform-Price Call Auctions: A Better Way to Trade Tokens?},
  journal = {Motoko DeFi},
  year    = {2024},
  url     = {https://motokodefi.substack.com/p/uniform-price-call-auctions-a-better}
}

@article{avellanedastoikov,
  author  = {Avellaneda, Marco and Stoikov, Sasha},
  title   = {High-frequency trading in a limit order book},
  journal = {Quantitative Finance},
  volume  = {8},
  number  = {3},
  pages   = {217--224},
  year    = {2008},
  url     = {https://doi.org/10.1080/14697680701381228}
}

@online{grug,
  author = {Engineer, Larry},
  title  = {Grug},
  url    = {https://grug.build/whitepaper.html}
}
